<collection xmlns="http://www.loc.gov/MARC21/slim">
<record>
  <leader>00908na 0a22001811i 450 </leader>
  <controlfield tag="001">IT\ICCU\CNCE\042984</controlfield>
  <controlfield tag="005">19981222000000.0</controlfield>
  <datafield tag="100" ind1=" " ind2=" ">
    <subfield code="a">19981222             0itac0103    ba</subfield>
  </datafield>
  <datafield tag="101" ind1=" " ind2=" ">
    <subfield code="a">ITA</subfield>
  </datafield>
  <datafield tag="200" ind1="1" ind2=" ">
    <subfield code="a">Libro ultimo del summario delle Indie occidentali</subfield>
  </datafield>
  <datafield tag="700" ind1=" " ind2="1">
    <subfield code="a">Anghiera,</subfield>
    <subfield code="b">Pietro Martire : d&apos;</subfield>
    <subfield code="3">IT\ICCU\CNCA\000741</subfield>
  </datafield>
  <datafield tag="790" ind1=" " ind2="0">
    <subfield code="a">Pietro Martyre Anghiera</subfield>
    <subfield code="3">IT\ICCU\CNCA\012411</subfield>
    <subfield code="z">Anghiera, Pietro Martire : d&apos;</subfield>
  </datafield>
  <datafield tag="790" ind1=" " ind2="0">
    <subfield code="a">Petrus Martyr Anglerius</subfield>
    <subfield code="3">IT\ICCU\CNCA\012412</subfield>
    <subfield code="z">Anghiera, Pietro Martire : d&apos;</subfield>
  </datafield>
  <datafield tag="790" ind1=" " ind2="0">
    <subfield code="a">Petrus Martyr ab Angleria</subfield>
    <subfield code="3">IT\ICCU\CNCA\012413</subfield>
    <subfield code="z">Anghiera, Pietro Martire : d&apos;</subfield>
  </datafield>
  <datafield tag="790" ind1=" " ind2="1">
    <subfield code="a">D&apos;Anghiera,</subfield>
    <subfield code="b">Pietro Martire</subfield>
    <subfield code="3">IT\ICCU\CNCA\012414</subfield>
    <subfield code="z">Anghiera, Pietro Martire : d&apos;</subfield>
  </datafield>
  <datafield tag="790" ind1=" " ind2="1">
    <subfield code="a">Hernandez de Oviedo Y Valdes,</subfield>
    <subfield code="b">Gonzalo</subfield>
    <subfield code="3">IT\ICCU\CNCA\014363</subfield>
    <subfield code="z">Anghiera, Pietro Martire : d&apos;</subfield>
  </datafield>
  <datafield tag="790" ind1=" " ind2="1">
    <subfield code="a">Martyr,</subfield>
    <subfield code="b">Pietro : d&apos;#Anghiera</subfield>
    <subfield code="3">IT\ICCU\CNCA\014601</subfield>
    <subfield code="z">Anghiera, Pietro Martire : d&apos;</subfield>
  </datafield>
  <datafield tag="801" ind1=" " ind2="3">
    <subfield code="a">IT</subfield>
    <subfield code="b">ICCU</subfield>
    <subfield code="c">20201114</subfield>
  </datafield>
</record>
</collection>
